@book{sivanagaraju2008electric,
  title={Electric Power Transmission and Distribution},
  author={Sivanagaraju, S.},
  isbn={9788131707913},
  url={https://books.google.com/books?id=KpY1hpKKwdQC},
  year={2008},
  publisher={Dorling Kindersley}
}

@article{blaabjerg2006overview,
  title={Overview of control and grid synchronization for distributed power generation systems},
  author={Blaabjerg, Frede and Teodorescu, Remus and Liserre, Marco and Timbus, Adrian V},
  journal={IEEE Transactions on industrial electronics},
  volume={53},
  number={5},
  pages={1398--1409},
  year={2006},
  publisher={Citeseer}
}

@article{morren2006wind,
  title={Wind turbines emulating inertia and supporting primary frequency control},
  author={Morren, Johan and De Haan, Sjoerd WH and Kling, Wil L and Ferreira, JA},
  journal={IEEE Transactions on power systems},
  volume={21},
  number={1},
  pages={433--434},
  year={2006},
  publisher={IEEE}
}

@ARTICLE{5154067, 
author={}, 
journal={IEEE Std 1159-2009 (Revision of IEEE Std 1159-1995)}, 
title={IEEE Recommended Practice for Monitoring Electric Power Quality}, 
year={2009}, 
volume={}, 
number={}, 
pages={c1-81}, 
keywords={power supply quality;power system measurement;IEEE recommended practice;electric power quality;ac power systems;power quality monitoring;assessment;compatibility;dip;distortion;electromagnetic phenomena;harmonics;imbalance;instruments;monitoring;power quality;rms variation;sag;swell;transient;unbalance}, 
doi={10.1109/IEEESTD.2009.5154067}, 
ISSN={}, 
month={June},}

@article{liu2017distribution,
  title={A distribution level wide area monitoring system for the electric power grid--FNET/GridEye},
  author={Liu, Yong and You, Shutang and Yao, Wenxuan and Cui, Yi and Wu, Ling and Zhou, Dao and Zhao, Jiecheng and Liu, Hesen and Liu, Yilu},
  journal={IEEE Access},
  volume={5},
  pages={2329--2338},
  year={2017},
  publisher={IEEE}
}

@article{peisert2017lbnl,
  title={LBNL Open Power Data},
  author={Peisert, S and Gentz, R and Boverhof, J and McParland, C and Engle, S and Elbashandy, A and Gunter, D},
  year={2017}
}

@article{satyanarayanan2017emergence,
  title={The emergence of edge computing},
  author={Satyanarayanan, Mahadev},
  journal={Computer},
  volume={50},
  number={1},
  pages={30--39},
  year={2017},
  publisher={IEEE}
}

@online{forbesiot,
  title = {IoT Market Predicted To Double By 2021, Reaching \$520B},
  url = {https://www.forbes.com/sites/louiscolumbus/2018/08/16/iot-market-predicted-to-double-by-2021-reaching-520b/#734d45911f94},
  note = {Accessed: 2018-09-30}
}

@misc{gagliardi2011content,
  title={Content delivery network},
  author={Gagliardi, Joshua D and Munger, Timothy S},
  year={2011},
  month=jun # "~14",
  publisher={Google Patents},
  note={US Patent 7,962,580}
}

@article{edgeiot,
author = {Sun, Xiang and Ansari, Nirwan},
year = {2016},
month = {12},
pages = {22-29},
title = {EdgeIoT: Mobile Edge Computing for the Internet of Things},
volume = {54},
booktitle = {IEEE Communications Magazine}
}
